<record><leader>00000cas a22000007a 4500</leader><controlfield tag="001">10509345</controlfield><controlfield tag="008">840312d18371845mauwr ne      0    0eng d</controlfield><controlfield tag="009">3768</controlfield><datafield ind1=" " ind2=" " tag="010"><subfield code="a">sn 84022624 </subfield></datafield><datafield ind1=" " ind2=" " tag="040"><subfield code="a">NPX</subfield><subfield code="b">eng</subfield><subfield code="c">NPX</subfield><subfield code="d">DLC</subfield><subfield code="d">MGN</subfield><subfield code="d">KRTAS</subfield></datafield><datafield ind1="1" ind2=" " tag="029"><subfield code="a">AU@</subfield><subfield code="b">000025817070</subfield></datafield><datafield ind1=" " ind2=" " tag="042"><subfield code="a">msc</subfield></datafield><datafield ind1="0" ind2="0" tag="050"><subfield code="a">Newspaper 8160-X</subfield></datafield><datafield ind1="0" ind2=" " tag="130"><subfield code="a">Boston mercantile journal (Boston, Mass. : 1837)</subfield></datafield><datafield ind1="0" ind2="0" tag="245"><subfield code="a">Boston mercantile journal.</subfield></datafield><datafield ind1="1" ind2="3" tag="246"><subfield code="a">Boston journal</subfield></datafield><datafield ind1=" " ind2=" " tag="260"><subfield code="a">Boston [Mass.] :</subfield><subfield code="b">Sleeper, Dix &amp; Rogers,</subfield><subfield code="c">1837-</subfield></datafield><datafield ind1=" " ind2=" " tag="300"><subfield code="a">v. ;</subfield><subfield code="c">63 cm.</subfield></datafield><datafield ind1=" " ind2=" " tag="310"><subfield code="a">Weekly</subfield></datafield><datafield ind1="0" ind2=" " tag="362"><subfield code="a">Vol. 5, no. 1 (May 18, 1837)-</subfield></datafield><datafield ind1="1" ind2=" " tag="362"><subfield code="a">Ceased Mar. 29, 1845.</subfield></datafield><datafield ind1=" " ind2=" " tag="500"><subfield code="a">"Mercantile" appears within title ornament, 1840-1845.</subfield></datafield><datafield ind1=" " ind2=" " tag="500"><subfield code="a">Published by Sleeper &amp; Rogers, 1842-1845.</subfield></datafield><datafield ind1=" " ind2=" " tag="580"><subfield code="a">Daily ed.: Evening mercantile journal (Boston, Mass. : Daily).</subfield></datafield><datafield ind1=" " ind2=" " tag="580"><subfield code="a">Semiweekly ed.: Boston mercantile journal (Boston, Mass. : Semiweekly).</subfield></datafield><datafield ind1=" " ind2=" " tag="580"><subfield code="a">Triweekly ed.: Evening mercantile journal (Boston, Mass. : Triweekly), 1837-1841.</subfield></datafield><datafield ind1=" " ind2=" " tag="752"><subfield code="a">United States</subfield><subfield code="b">Massachusetts</subfield><subfield code="c">Suffolk</subfield><subfield code="d">Boston.</subfield></datafield><datafield ind1="1" ind2=" " tag="775"><subfield code="t">Evening mercantile journal (Boston, Mass. : Triweekly)</subfield><subfield code="w">(DLC)sn 84022628</subfield></datafield><datafield ind1="1" ind2=" " tag="775"><subfield code="t">Evening mercantile journal (Boston, Mass. : Daily)</subfield><subfield code="w">(DLC)sn 84022617</subfield></datafield><datafield ind1="1" ind2=" " tag="775"><subfield code="t">Boston mercantile journal (Boston, Mass. : Semiweekly).</subfield><subfield code="w">(DLC)sn 84022620</subfield></datafield><datafield ind1="0" ind2="0" tag="780"><subfield code="t">Boston mercantile journal, and spirit of the age</subfield><subfield code="w">(DLC)sn 84022623</subfield></datafield><datafield ind1="0" ind2="0" tag="785"><subfield code="t">Boston journal (Boston, Mass. : Weekly)</subfield><subfield code="w">(DLC)sn 84022625</subfield></datafield><datafield ind1=" " ind2=" " tag="938"><subfield code="a">Kirtas Technologies, Inc.</subfield><subfield code="b">KRTS</subfield><subfield code="n">738255</subfield></datafield></record>